@misc{zhuoqun_2019, title={Preliminary Visualisation of New York Taxi Data and the Spatial-Temporal Effect of Vehicle Collision on Driver Earning. 2019}, url={https://www.overleaf.com/read/cbcycpddxczf}, journal={Applied Data Science 2019}, author={Zhuoqun Huang}}